%! Author = angel
%! Date = 1/28/25

